<?xml version="1.0" encoding="UTF-8"?><collection xmlns="http://www.loc.gov/MARC21/slim"><record><leader>00571nam--2200205-u-4500</leader><controlfield tag="001">000050674</controlfield><controlfield tag="002">20161230</controlfield><controlfield tag="005">20161230201048</controlfield><controlfield tag="008">080311s1000------------r-----000-0-eng-d</controlfield><datafield ind1=" " ind2=" " tag="020"><subfield code="a">978-0-471-1904-0</subfield></datafield><datafield ind1=" " ind2=" " tag="040"><subfield code="a">IFIN-HH</subfield></datafield><datafield ind1=" " ind2=" " tag="080"><subfield code="a">517.443</subfield></datafield><datafield ind1="1" ind2=" " tag="100"><subfield code="a">Griffiths,Peter R.and De Haset James A</subfield></datafield><datafield ind1="1" ind2="0" tag="245"><subfield code="a">Fourier Transform Infrared Spectrometry</subfield></datafield><datafield ind1=" " ind2=" " tag="260"><subfield code="a">New Jersey</subfield><subfield code="b">John Wiley</subfield><subfield code="c">2007</subfield></datafield><datafield ind1=" " ind2=" " tag="300"><subfield code="a">529 p</subfield></datafield><datafield ind1=" " ind2=" " tag="502"><subfield code="a">Includes Bibliographical References and Index</subfield></datafield><datafield ind1=" " ind2="4" tag="650"><subfield code="a">Theoretical Background</subfield></datafield><datafield ind1=" " ind2=" " tag="852"><subfield code="c">517.443</subfield></datafield><datafield ind1=" " ind2=" " tag="CAT"><subfield code="a">Sys</subfield><subfield code="c">20080311</subfield><subfield code="h">115353</subfield></datafield></record></collection>